@inproceedings{Xu1,
	 author = {Xu, Lei and Xu, Baowen},
	 title = {A Framework for Web Applications Testing},
	 booktitle = {Proceedings of the 2004 International Conference on Cyberworlds},
	 series = {CW '04},
	 year = {2004},
	 isbn = {0-7695-2140-1},
	 pages = {300--305},
	 numpages = {6},
	 url = {http://dx.doi.org/10.1109/CW.2004.7},
	 doi = {10.1109/CW.2004.7},
	 acmid = {1033129},
	 publisher = {IEEE Computer Society},
	 address = {Washington, DC, USA},
	 keywords = {Web Application, Testing Framework, Process Modeling, Web Testing Process},
} 

@inproceedings{Zhongen2,
  added-at = {2015-04-14T00:00:00.000+0200},
  author = {sheng Qian, Zhong and Miao, Huaikou and Zeng, Hongwei},
  biburl = {http://www.bibsonomy.org/bibtex/287f53e4259b6d83c78815d61ce09e7fd/dblp},
  booktitle = {SITIS},
  editor = {YÃ©tongnon, Kokou and Chbeir, Richard and Dipanda, Albert},
  ee = {http://doi.ieeecomputersociety.org/10.1109/SITIS.2007.16},
  interhash = {d4c3a17e40bc1b989807d01b180264cc},
  intrahash = {87f53e4259b6d83c78815d61ce09e7fd},
  isbn = {978-0-7695-3122-9},
  keywords = {dblp},
  pages = {434-441},
  publisher = {IEEE Computer Society},
  timestamp = {2015-06-19T00:00:29.000+0200},
  title = {A Practical Web Testing Model for Web Application Testing.},
  url = {http://dblp.uni-trier.de/db/conf/sitis/sitis2007.html#QianMZ07},
  year = 2007
}

@book{cleancode,
 author = {Martin, Robert C.},
 title = {Clean Code: A Handbook of Agile Software Craftsmanship},
 year = {2008},
 isbn = {0132350882, 9780132350884},
 edition = {1},
 publisher = {Prentice Hall PTR},
 address = {Upper Saddle River, NJ, USA},
} 

@inproceedings{testGen3,
 author = {Kuk, Seung Hak and Kim, Hyeon Soo},
 title = {Automatic Generation of Testing Environments for Web Applications},
 booktitle = {Proceedings of the 2008 International Conference on Computer Science and Software Engineering - Volume 02},
 series = {CSSE '08},
 year = {2008},
 isbn = {978-0-7695-3336-0},
 pages = {694--697},
 numpages = {4},
 url = {http://dx.doi.org/10.1109/CSSE.2008.1026},
 doi = {10.1109/CSSE.2008.1026},
 acmid = {1468937},
 publisher = {IEEE Computer Society},
 address = {Washington, DC, USA},
 keywords = {software testing, web application, test environments},
} 

@inproceedings{selenium4,
 author = {Leotta, Maurizio and Clerissi, Diego and Ricca, Filippo and Spadaro, Cristiano},
 title = {Repairing Selenium Test Cases: An Industrial Case Study About Web Page Element Localization},
 booktitle = {Proceedings of the 2013 IEEE Sixth International Conference on Software Testing, Verification and Validation},
 series = {ICST '13},
 year = {2013},
 isbn = {978-0-7695-4968-2},
 pages = {487--488},
 numpages = {2},
 url = {http://dx.doi.org/10.1109/ICST.2013.73},
 doi = {10.1109/ICST.2013.73},
 acmid = {2511636},
 publisher = {IEEE Computer Society},
 address = {Washington, DC, USA},
 keywords = {Web Application Testing, Test Automation, Selenium WebDriver, Test Suite Maintainability},
} 

@inproceedings{pageObject5,
  title={Improving Test Suites Maintainability with the Page Object Pattern: An Industrial Case Study},
  author={Leotta, Maurizio and Clerissi, Diego and Ricca, Filippo and Spadaro, Cristiano},
  booktitle={ICSTW 2013 - 6th IEEE International Conference on Software Testing, Verification and Validation Workshops},
  pages={108--113},
  year={2013},
  organization={IEEE}
}

@inproceedings{performance6,
    author      = {Angmo R. , Sharma M},
    title       = {Performance evaluation of web based automation testing tools},
    booktitle   = {Confluence The Next Generation Information Technology Summit (Confluence), 2014 5th International Conference},
    year        = {2014},
    pages      = {731--735},
    doi={10.1109/CONFLUENCE.2014.6949287},
    publisher = {IEEE}
}

@article{webAppTesting8,
 author = {Elbaum, Sebastian and Rothermel, Gregg and Karre, Srikanth and Fisher II, Marc},
 title = {Leveraging User-Session Data to Support Web Application Testing},
 journal = {IEEE Trans. Softw. Eng.},
 issue_date = {March 2005},
 volume = {31},
 number = {3},
 month = mar,
 year = {2005},
 issn = {0098-5589},
 pages = {187--202},
 numpages = {16},
 url = {http://dx.doi.org/10.1109/TSE.2005.36},
 doi = {10.1109/TSE.2005.36},
 acmid = {1070831},
 publisher = {IEEE Press},
 address = {Piscataway, NJ, USA},
 keywords = {Index Terms- Software testing, Software testing, test data generation, Web applications, empirical studies., Web applications, empirical studies., test data generation},
} 

@book{bookVaaidn,
 author = {Marko Gr{\"o}nroos},
 title = {Book of Vaadin},
 year = {2015},
 isbn = {9789526835518},
 edition = {7},
 publisher = {Vaadin Ltd},
 address = {Ruukinkatu 2-4, 20540 Turku, Finland},
} 

@book{vaadinCookBook,
 author = {Jaroslav Holan, Ondrej Kvasnovsky},
 title = {Vaadin 7 Cookbook},
 year = {2013},
 isbn = {978-1-84951-880-2},
 edition = {1},
 publisher = {Packt Publishing Ltd},
 address = {Livery Place, 35 Livery Street, Birmingham, UK},
} 

@misc{tiobeIndex,
      title = "TIOBE Index for March 2015",
      year = "2015",
      howpublished = "\url{http://www.tiobe.com/index.php/content/paperinfo/tpci/index.html}"
}


@misc{vaadinTestbenchSite,
      year = "2014",
      title = "Vaadin Testbench web site",
      howpublished  = "\url{https://vaadin.com/add-ons/testbench}"
}

@article{CaptureReplay7,
 author = {Anupam, Vinod and Freire, Juliana and Kumar, Bharat and Lieuwen, Daniel},
 title = {Automating Web Navigation with the WebVCR},
 journal = {Comput. Netw.},
 issue_date = {June 2000},
 volume = {33},
 number = {1-6},
 month = jun,
 year = {2000},
 issn = {1389-1286},
 pages = {503--517},
 numpages = {15},
 url = {http://dx.doi.org/10.1016/S1389-1286(00)00073-6},
 doi = {10.1016/S1389-1286(00)00073-6},
 acmid = {346340},
 publisher = {Elsevier North-Holland, Inc.},
 address = {New York, NY, USA},
 keywords = {Web clipping, affiliate programs, bookmarks, dynamic content, electronic commerce, notification, personalization, smart bookmarks, tutorials, wrappers},
} 

@inproceedings{ux1,
    author      = {Williams, S.D.},
    title       = {User Experience Design for Technical Communication: Expanding Our Notions of Quality Information Design},
    booktitle   = {Professional Communication Conference, 2007. IPCC 2007. IEEE International},
    year        = {2013},
    pages      = {1--13},
    doi={10.1109/IPCC.2007.4464076},
    publisher = {IEEE}
}
@misc{seleniumSite,
      year = "2014",
      title = "Introduction to Selenium",
      howpublished = "\url{http://www.seleniumhq.org/docs/01_introducing_selenium.jsp}"
}

@misc{maven,
      year = "2014",
      title = "Maven Web site",
      howpublished = "http://maven.apache.org"
}
@misc{ant,
      year = "2014",
      title = "Ant building tool",
      howpublished = "\url{http://ant.apache.org}"
}
@misc{junit,
      year = "2014",
      title = "Junit testing framework",
      howpublished  = "\url{http://junit.org}"
}
@misc{akka,
      year = "2015",
      title = "Akka framework Web site",
      howpublished = "\url{http://akka.io/}"
}
@misc{yodatime,
      year = "2014",
      title = "Yoda time library",
      howpublished = "\url{http://www.joda.org/joda-time/}"
}
@misc{guava,
      year = "2014",
      title = "Guava library",
      howpublished = "\url{https://code.google.com/p/guava-libraries/}"
}
@misc{sureFireExample,
      year = "2014",
      title = "Example of Maven Surefire plugin usage for test build phase",
      howpublished = "\url{https://maven.apache.org/surefire/maven-surefire-plugin/examples/junit.html}"
}
@misc{akkaUseCases,
      year = "2015",
      title ="Akka use cases",
      howpublished = "\url{http://doc.akka.io/docs/akka/snapshot/intro/use-cases.html}"
}
@misc{vaadinAkka,
      year = "2014",
      title = "Akka vaadin integration",
      howpublished = "\url{https://github.com/rogozinds/VaadinWithAkka}"
}

@misc{vaadinBlog,
      year = "2015",
      url = "https://vaadin.com/blog/-/blogs/non-commercial-licenses-for-pro-tools"
}
@misc {vaadinBlogCompare,
	year = "2015",
	title = "Testbench and Selenium comaparison",
	howpublished = "\url{https://vaadin.com/blog/-/blogs/testing-vaadin-applications-with-selenium-vs-testbench}"
}
@misc{junitParallelComputer,
      year = "2015",
      title = "Junit paralel testing example",
      howpublished = "\url{http://junit.org/apidocs/org/junit/experimental/ParallelComputer.html}"
}
@book{TheCleanCoder,
 author = {Martin, Robert C.},
 title = {The clean coder: a code of conduct for professional programmers},
 year = {2011},
 isbn = {0137081073, 9780137081073},
 edition = {1},
 publisher = {Pearson Education, Inc.},
 address = {501 Boylsotn Street, Boston, USA},
}
@misc{jBehaveSite,
      year = "2015",
      url = "http://jbehave.org/"
}
@misc{cucumberSite,
      year = "2015",
      url = "http://https://cucumber.io/"
}
@article{bddArticle,
 author = {Rahman, M.},
 title = {  A Reusable Automated Acceptance Testing Architecture for Microservices in Behavior-Driven Development},
 booktitle = {Service-Oriented System Engineering (SOSE), 2015 IEEE Symposium on},
 issue_date = {March 30 2015-April 3 2015},
 month = mar,
 year = {2005},
 pages = {321--325},
 doi = {10.1109/SOSE.2015.55},
 acmid = {1070831},
 publisher = {IEEE},
 keywords = {BDD test framework, agile software development process, behavior-driven development},
} 

@article{bddArticle2,
   author = {*Sandeep Sivanandan, **Yogeesha C. B },
   title = {Agile Development Cycle: Approach to Design an
  Effective Model Based Testing with Behaviour
  Driven Automation Framework},
   booktitle = {Service-Oriented System Engineering (SOSE), 2015 IEEE Symposium on},
   issue_date = {March 30 2015-April 3 2015},
   month = mar,
   year = {2005},
   pages = {321--325},
   doi = {10.1109/SOSE.2015.55},
   acmid = {1070831},
   publisher = {IEEE},
   keywords = {BDD test framework, agile software development process, behavior-driven development},
} 

@misc{bddArticle,
      year = "2015",
      url = "http://behaviourdriven.org/"
}

@inproceedings{Holmes:2006:AFT:1155439.1155481,
 author = {Holmes, Antawan and Kellogg, Marc},
 title = {Automating Functional Tests Using Selenium},
 booktitle = {Proceedings of the Conference on AGILE 2006},
 series = {AGILE '06},
 year = {2006},
 isbn = {0-7695-2562-8},
 pages = {270--275},
 numpages = {6},
 url = {http://dx.doi.org/10.1109/AGILE.2006.19},
 doi = {10.1109/AGILE.2006.19},
 acmid = {1155481},
 publisher = {IEEE Computer Society},
 address = {Washington, DC, USA},
} 